/home/ming/lium/docs/PHD_new/new_lib.bib